
@article{grimmer_text_2013,
	title = {Text as {Data}: {The} {Promise} and {Pitfalls} of {Automatic} {Content} {Analysis} {Methods} for {Political} {Texts}},
	volume = {21},
	issn = {1047-1987, 1476-4989},
	shorttitle = {Text as {Data}},
	url = {https://www.cambridge.org/core/journals/political-analysis/article/text-as-data-the-promise-and-pitfalls-of-automatic-content-analysis-methods-for-political-texts/F7AAC8B2909441603FEB25C156448F20},
	doi = {10.1093/pan/mps028},
	abstract = {Politics and political conflict often occur in the written and spoken word. Scholars have long recognized this, but the massive costs of analyzing even moderately sized collections of texts have hindered their use in political science research. Here lies the promise of automated text analysis: it substantially reduces the costs of analyzing large collections of text. We provide a guide to this exciting new area of research and show how, in many instances, the methods have already obtained part of their promise. But there are pitfalls to using automated methods—they are no substitute for careful thought and close reading and require extensive and problem-specific validation. We survey a wide range of new methods, provide guidance on how to validate the output of the models, and clarify misconceptions and errors in the literature. To conclude, we argue that for automated text methods to become a standard tool for political scientists, methodologists must contribute new methods and new methods of validation.},
	language = {en},
	number = {3},
	urldate = {2018-10-17},
	journal = {Political Analysis},
	author = {Grimmer, Justin and Stewart, Brandon M.},
	year = {2013},
	pages = {267--297},
	file = {Full Text PDF:C\:\\Users\\Joseph Oertel\\Zotero\\storage\\84RQFXQP\\Grimmer und Stewart - 2013 - Text as Data The Promise and Pitfalls of Automati.pdf:application/pdf;Snapshot:C\:\\Users\\Joseph Oertel\\Zotero\\storage\\UH5DVQMP\\F7AAC8B2909441603FEB25C156448F20.html:text/html;Text as Data\: The Promise and Pitfalls of Automatic Content Analysis Methods for Political Texts:C\:\\Users\\Joseph Oertel\\Zotero\\storage\\6USHDBYY\\grimmer2013.pdf:application/pdf}
}

@book{burkhardt_sprache_2013,
	title = {Sprache des deutschen {Parlamentarismus}: {Studien} zu 150 {Jahren} parlamentarischer {Kommunikation}},
	isbn = {978-3-663-12377-4},
	shorttitle = {Sprache des deutschen {Parlamentarismus}},
	abstract = {Das 150. Jubiläum der Eröffnungssitzung der Deutschen Constituierenden Nationalversammlung in der Frankfurter Paulskirche und der 50. Jahrestag der ersten Zusammenkunft des Parlamentarischen Rates sind Anlaß sprach- und kommunikationskritischer Auseinandersetzung mit der Geschichte des deutschen Parlamentarismus. Von Historikern, Politologen und Linguisten werden die Formen und Phänomene parlamentarischer Kommunikation in den unterschiedlichen Volksvertretungen, die die deutsche Parlamentsgeschichte hervorgebracht hat, analysiert und in ihrem historischen Wandel beleuchtet: von der Paulskirche über den Reichstag der Kaiserzeit, die Nationalversammlung von 1919, den Reichstag der Weimarer Republik, den Parlamentarischen Rat, der DDR-Volkskammer, dem Zentralen Runden Tisch bis hin zum Deutschen Bundestag der frühen, mittleren und späten "Bonner Republik". Exemplarisch ziehen die Autoren darüber hinaus Vergleiche mit den Kommunikationsformen ausländischer Parlamente und deutscher Landtage.},
	language = {de},
	publisher = {Springer-Verlag},
	author = {Burkhardt, Armin and Pape, Kornelia},
	month = aug,
	year = {2013},
	note = {Google-Books-ID: fkXyBQAAQBAJ},
	keywords = {Political Science / General, Political Science / History \& Theory}
}

@article{froehlich_framing_2006,
	title = {Framing political public relations: {Measuring} success of political communication strategies in {Germany}},
	volume = {32},
	issn = {0363-8111},
	shorttitle = {Framing political public relations},
	url = {http://www.sciencedirect.com/science/article/pii/S0363811105001785},
	doi = {10.1016/j.pubrev.2005.10.003},
	abstract = {The main goal of political public relations is the use of media outlets to communicate specific political interpretations of issues in the hope of garnering public support for political policies. This study elaborates on the question how successful political PR is at bringing its specific perspectives into the media. It uses the ‘framing’ concept to analyse the meanings and contexts of media coverage and political PR during the national debate on immigration in Germany between May 2000 and March 2002. The results show a high level of correlation between the preferred thematic and position frames of the political players and those in the press coverage. Yet, the media examined clearly did not have a passive relationship to PR. The findings indicate that journalists tend to use their power to alter PR messages when the communications from political players do not have a distinct focus and/or when the PR focuses were not among the (mainstream) aspects dominating the general political debate.},
	number = {1},
	urldate = {2018-10-21},
	journal = {Public Relations Review},
	author = {Froehlich, Romy and Rüdiger, Burkhard},
	month = mar,
	year = {2006},
	keywords = {Communication strategies, Framing, Political campaigning, Political communication, PR evaluation, PR influence, PR success},
	pages = {18--25},
	file = {Framing political public relations\: Measuring success of political communication strategies in Germany:C\:\\Users\\Joseph Oertel\\Zotero\\storage\\U6Y64TQ8\\froehlich2006.pdf:application/pdf;ScienceDirect Full Text PDF:C\:\\Users\\Joseph Oertel\\Zotero\\storage\\X4P5X2JA\\Froehlich und Rüdiger - 2006 - Framing political public relations Measuring succ.pdf:application/pdf;ScienceDirect Snapshot:C\:\\Users\\Joseph Oertel\\Zotero\\storage\\BUFZFUU5\\S0363811105001785.html:text/html}
}

@article{hancke_readability_nodate,
	title = {Readability {Classification} for {German} using {Lexical}, {Syntactic}, and {Morphological} {Features}},
	abstract = {We investigate the problem of reading level assessment for German texts on a newly compiled corpus of freely available easy and difﬁcult articles, targeted at adult and child readers respectively. We adapt a wide range of syntactic, lexical and language model features from previous research on English and combined them with new features that make use of the rich morphology of German. We show that readability classiﬁcation for German based on these features is highly successful, reaching 89.7\% accuracy, with the new morphological features making an important contribution.},
	language = {en},
	author = {Hancke, Julia and Vajjala, Sowmya and Meurers, Detmar},
	pages = {18},
	file = {Hancke et al. - Readability Classification for German using Lexica:C\:\\Users\\Joseph Oertel\\Zotero\\storage\\EGMF8YLQ\\Hancke et al. - Readability Classification for German using Lexica:application/pdf}
}

@article{vor_der_bruck_readability_2008,
	title = {A readability checker with supervised learning using deep indicators},
	volume = {32},
	number = {4},
	journal = {Informatica},
	author = {vor der Brück, Tim and Hartrumpf, Sven and Helbig, Hermann},
	year = {2008},
	file = {vor der Brück et al. - 2008 - A readability checker with supervised learning usi.pdf:C\:\\Users\\Joseph Oertel\\Zotero\\storage\\8Y2I5245\\vor der Brück et al. - 2008 - A readability checker with supervised learning usi.pdf:application/pdf}
}

@misc{germany_muhteren_nodate,
	title = {Muhteren {Aras} zur {AfD} im {Bundestag}: „{Der} {Ton} dürfte deutlich rauer werden“},
	shorttitle = {Muhteren {Aras} zur {AfD} im {Bundestag}},
	url = {https://www.stuttgarter-nachrichten.de/inhalt.landtagspraesidentin-aras-zur-afd-im-bundestag-der-ton-duerfte-deutlich-rauer-werden.883db7e7-4778-45ea-9663-f83dc7e5c128.html},
	abstract = {Landtagspräsidentin Muhteren Aras spricht im Interview über ihre Erfahrungen mit Provokateuren vom rechten Rand.},
	language = {de},
	urldate = {2018-10-26},
	journal = {stuttgarter-nachrichten.de},
	author = {Germany, Stuttgart, Stuttgarter Nachrichten},
	file = {Snapshot:C\:\\Users\\Joseph Oertel\\Zotero\\storage\\AUULE3DV\\inhalt.landtagspraesidentin-aras-zur-afd-im-bundestag-der-ton-duerfte-deutlich-rauer-werden.883.html:text/html}
}

@misc{noauthor_politik_nodate,
	title = {Die {Politik} des {Zwischenrufs}. {Zu} einer kleinen parlamentarischen {Form} on {JSTOR}},
	url = {https://www.jstor.org/stable/24224747?seq=1#page_scan_tab_contents},
	urldate = {2018-10-26},
	file = {Die Politik des Zwischenrufs. Zu einer kleinen par.pdf:C\:\\Users\\Joseph Oertel\\Zotero\\storage\\UE6Q4V47\\Die Politik des Zwischenrufs. Zu einer kleinen par.pdf:application/pdf;Die Politik des Zwischenrufs. Zu einer kleinen parlamentarischen Form on JSTOR:C\:\\Users\\Joseph Oertel\\Zotero\\storage\\CY86F6UE\\24224747.html:text/html}
}

@book{burkhardt_zwischen_2013,
	title = {Zwischen {Monolog} und {Dialog}: {Zur} {Theorie}, {Typologie} und {Geschichte} des {Zwischenrufs} im deutschen {Parlamentarismus}},
	isbn = {978-3-11-091070-4},
	shorttitle = {Zwischen {Monolog} und {Dialog}},
	abstract = {Ein charakteristisches Phänomen der Plenarkommunikation im Parlament ist der Zwischenruf, dessen herausragende Exemplare Journalisten und Publizisten immer wieder zu lustvollen Kommentaren und erheiternden Sammlungen reizen. Die vorliegende Studie gibt Einblick in Variabilität und Geschichte solcher parlamentarischen Zwischen-Kommunikation außerhalb des Rederechts: Einer Darstellung der Forschungslage und der Analysemethoden folgt zunächst eine theoretische Bestimmung. Aus authentischen Debattentexten, wie sie die Stenographischen Berichte präsentieren, werden sodann charakteristische Techniken, syntaktische Strukturen, Provokationsanlässe und Sprechhandlungsformen des Zwischenrufens herausgefiltert und typisiert. Die so gewonnenen Typologien ermöglichen es, die Vielfalt tatsächlicher Zurufe zu klassifizieren und quantitativ zu erfassen. Damit ist zugleich ein Werkzeug gefunden, mit dessen Hilfe sich der Wandel der Zwischenrufkommunikation in deutschen Parlamenten - von der Paulskirche bis zum Bundestag - historisch-vergleichend nachzeichnen läßt. In entsprechender Weise werden auch die "Mini-Dialoge" zwischen Redner und Zwischenrufer sowie die Zwischenfragen typologisiert und in ihrer historischen Entwicklung beschrieben. An den Veränderungen des Zwischenruf- und Zwischenfrageverhaltens sowie des Replizierens wird der historische Wandel des Parlaments vom Diskussions- über das Arbeits- bis hin zum Schaufensterparlament sichtbar. Dem innerparlamentarischen Umgang mit Rednerinnen ist ein eigenes Kapitel gewidmet.},
	language = {de},
	publisher = {Walter de Gruyter},
	author = {Burkhardt, Armin},
	month = feb,
	year = {2013},
	note = {Google-Books-ID: 6VYgAAAAQBAJ},
	keywords = {Foreign Language Study / German, Language Arts \& Disciplines / Linguistics / General}
}

@book{jongen_sprache_2011,
	title = {Sprache, {Diskurs} und {Text}: {Akten} des 17. {Linguistischen} {Kolloquiums} : {Brüssel} 1982},
	isbn = {978-3-11-135125-4},
	shorttitle = {Sprache, {Diskurs} und {Text}},
	abstract = {Over the past few decades, the book series Linguistische Arbeiten [Linguistic Studies], comprising over 500 volumes, has made a significant contribution to the development of linguistic theory both in Germany and internationally. The series will continue to deliver new impulses for research and maintain the central insight of linguistics that progress can only be made in acquiring new knowledge about human languages both synchronically and diachronically by closely combining empirical and theoretical analyses. To this end, we invite submission of high-quality linguistic studies from all the central areas of general linguistics and the linguistics of individual languages which address topical questions, discuss new data and advance the development of linguistic theory.},
	language = {de},
	publisher = {Walter de Gruyter},
	author = {Jongen, René and Knop, Sabine De and Nelde, Peter H. and Quix, Marie-Paule},
	month = jun,
	year = {2011},
	note = {Google-Books-ID: 4HU1j0Dq2k0C},
	keywords = {Language Arts \& Disciplines / Linguistics / General, Language Arts \& Disciplines / Linguistics / Historical \& Comparative, Science / General, Social Science / General}
}

@misc{noauthor_9783823367918:_nodate,
	title = {9783823367918: {Streitkultur} im {Parlament}: {Linguistische} {Analyse} der {Zwischenrufe} im österreichischen {Nationalrat} - {ZVAB} - {Maria} {Stopfner}: 3823367919},
	shorttitle = {9783823367918},
	url = {https://www.zvab.com/9783823367918/Streitkultur-Parlament-Linguistische-Analyse-Zwischenrufe-3823367919/plp},
	abstract = {Streitkultur im Parlament: Linguistische Analyse der Zwischenrufe im österreichischen Nationalrat von Maria Stopfner beim ZVAB.com - ISBN 10: 3823367919 - ISBN 13: 9783823367918 - Narr Dr. Gunter - 2013 - Softcover},
	language = {de\_\_ZVAB},
	urldate = {2018-10-26},
	file = {Snapshot:C\:\\Users\\Joseph Oertel\\Zotero\\storage\\SELZ2N6Q\\plp.html:text/html}
}

@book{dorner_sprache_2011,
	title = {Sprache des {Parlaments} und {Semiotik} der {Demokratie}: {Studien} zur politischen {Kommunikation} in der {Moderne}},
	isbn = {978-3-11-092132-8},
	shorttitle = {Sprache des {Parlaments} und {Semiotik} der {Demokratie}},
	language = {de},
	publisher = {Walter de Gruyter},
	author = {Dörner, Andreas and Vogt, Ludgera},
	month = oct,
	year = {2011},
	note = {Google-Books-ID: gzVDMBX3nYcC},
	keywords = {Language Arts \& Disciplines / Linguistics / General, Language Arts \& Disciplines / Linguistics / Historical \& Comparative}
}

@article{hayes_answering_2007,
	title = {Answering the call for a standard reliability measure for coding data},
	volume = {1},
	number = {1},
	journal = {Communication methods and measures},
	author = {Hayes, Andrew F. and Krippendorff, Klaus},
	year = {2007},
	pages = {77--89},
	file = {Fulltext:C\:\\Users\\Joseph Oertel\\Zotero\\storage\\LF6IQYWH\\Hayes und Krippendorff - 2007 - Answering the call for a standard reliability meas.pdf:application/pdf;Snapshot:C\:\\Users\\Joseph Oertel\\Zotero\\storage\\4F4TS2RT\\19312450709336664.html:text/html}
}

@techreport{schroeder_parlamentarische_2017,
	title = {Parlamentarische {Praxis} der {AfD} in deutschen {Landesparlamenten}},
	institution = {WZB Discussion Paper},
	author = {Schroeder, Wolfgang and We{\textbackslash}s sels, Bernhard and Neusser, Christian and Berzel, Alexander},
	year = {2017},
	file = {Fulltext:C\:\\Users\\Joseph Oertel\\Zotero\\storage\\FBVF3HSG\\Schroeder et al. - 2017 - Parlamentarische Praxis der AfD in deutschen Lande.pdf:application/pdf;Snapshot:C\:\\Users\\Joseph Oertel\\Zotero\\storage\\4SNGEGWR\\162844.html:text/html}
}

@book{noauthor_parlament_nodate,
	title = {Das {Parlament} und seine {Sprache}: {Studien} zu {Theorie} und {Geschichte} parlamentarischer {Kommunikation}},
	isbn = {978-3-11-091409-2}
}

@article{sueur_seewave_2008,
	title = {Seewave, a {Free} {Modular} {Tool} for {Sound} {Analysis} and {Synthesis}},
	volume = {18},
	issn = {0952-4622},
	url = {https://doi.org/10.1080/09524622.2008.9753600},
	doi = {10.1080/09524622.2008.9753600},
	abstract = {We review Seewave, new software for analysing and synthesizing sounds. Seewave is free and works on a wide variety of operating systems as an extension of the R operating environment. Its current 67 functions allow the user to achieve time, amplitude and frequency analyses, to estimate quantitative differences between sounds, and to generate new sounds for playback experiments. Thanks to its implementation in the R environment, Seewave is fully modular. All functions can be combined for complex data acquisition and graphical output, they can be part of important scripts for batch processing and they can be modified ad libitum. New functions can also be written, making Seewave a truly open-source tool.},
	number = {2},
	urldate = {2018-10-27},
	journal = {Bioacoustics},
	author = {SUEUR, JEROME and AUBIN, THIERRY and SIMONIS, CAROLINE},
	month = jan,
	year = {2008},
	pages = {213--226},
	file = {Seewave, a Free Modular Tool for Sound Analysis and Synthesis:C\:\\Users\\Joseph Oertel\\Zotero\\storage\\KRVXITBR\\sueur2008.pdf:application/pdf;Snapshot:C\:\\Users\\Joseph Oertel\\Zotero\\storage\\CIRA9LTY\\09524622.2008.html:text/html;Sueur et al. - 2008 - SEEWAVE, A FREE MODULAR TOOL FOR SOUND ANALYSIS AN.pdf:C\:\\Users\\Joseph Oertel\\Zotero\\storage\\V65QCNRM\\Sueur et al. - 2008 - SEEWAVE, A FREE MODULAR TOOL FOR SOUND ANALYSIS AN.pdf:application/pdf}
}

@article{sueur_seewave_2008-1,
	title = {{SEEWAVE}, {A} {FREE} {MODULAR} {TOOL} {FOR} {SOUND} {ANALYSIS} {AND} {SYNTHESIS}},
	volume = {18},
	issn = {0952-4622, 2165-0586},
	url = {https://www.tandfonline.com/doi/full/10.1080/09524622.2008.9753600},
	doi = {10.1080/09524622.2008.9753600},
	abstract = {We review Seewave, new software for analysing and synthesizing sounds. Seewave is free and works on a wide variety of operating systems as an extension of the R operating environment. Its current 67 functions allow the user to achieve time, amplitude and frequency analyses, to estimate quantitative differences between sounds, and to generate new sounds for playback experiments. Thanks to its implementation in the R environment, Seewave is fully modular. All functions can be combined for complex data acquisition and graphical output, they can be part of important scripts for batch processing and they can be modified ad libitum. New functions can also be written, making Seewave a truly open-source tool.},
	language = {en},
	number = {2},
	urldate = {2018-10-27},
	journal = {Bioacoustics},
	author = {Sueur, Jerome and Aubin, Thierry and Simonis, Caroline},
	month = jan,
	year = {2008},
	pages = {213--226},
	file = {SEEWAVE, A FREE MODULAR TOOL FOR SOUND ANALYSIS AND SYNTHESIS:C\:\\Users\\Joseph Oertel\\Zotero\\storage\\IPFRMQ56\\sueur2008.pdf:application/pdf}
}

@article{obert_sound_2008,
	title = {Sound and sentiment: {A} rhythmanalysis of television},
	volume = {22},
	issn = {1030-4312},
	shorttitle = {Sound and sentiment},
	url = {https://doi.org/10.1080/10304310701739463},
	doi = {10.1080/10304310701739463},
	number = {3},
	urldate = {2018-10-27},
	journal = {Continuum},
	author = {Obert, Julia C.},
	month = jun,
	year = {2008},
	pages = {409--417},
	file = {Snapshot:C\:\\Users\\Joseph Oertel\\Zotero\\storage\\67MAGL9N\\10304310701739463.html:text/html;Sound and sentiment\: A rhythmanalysis of television:C\:\\Users\\Joseph Oertel\\Zotero\\storage\\URTT88XR\\obert2008.pdf:application/pdf}
}

@article{igarashi_use_2013,
	title = {Use of {Sound} {Symbolism} in {Sentiment} {Classification}},
	volume = {20},
	issn = {1340-7619},
	url = {http://jlc.jst.go.jp/DN/JST.JSTAGE/jnlp/20.183?lang=en&from=CrossRef&type=abstract},
	doi = {10.5715/jnlp.20.183},
	abstract = {In linguistics, sound symbolism is an idea that the vocal sounds of certain words carry meaning in themselves. This paper focuses on the sound symbolism of onomatopoeic words and demonstrates the close relationship between sound symbolism and sentiment polarity. Because onomatopoeic words imitate the sounds they represent, they can help us better understand the sentiment of a sentence when utilizing sound symbolism. Therefore, we modeled sound symbolism with N-gram-based features and applied the model to a series of sentiment classiﬁcation tasks. The experimental results show that this method with sound symbolism signiﬁcantly outperformed the baseline method without sound symbolism, which eﬀectively demonstrates that a close relationship exists between sound symbolism and sentiment polarity.},
	language = {en},
	number = {2},
	urldate = {2018-10-27},
	journal = {Journal of Natural Language Processing},
	author = {Igarashi, Takuma and Sasano, Ryohei and Takamura, Hiroya and Okumura, Manabu},
	year = {2013},
	pages = {183--200},
	file = {Igarashi et al. - 2013 - Use of Sound Symbolism in Sentiment Classification.pdf:C\:\\Users\\Joseph Oertel\\Zotero\\storage\\GH44V5NY\\Igarashi et al. - 2013 - Use of Sound Symbolism in Sentiment Classification.pdf:application/pdf}
}

@article{feld_sound_1984,
	title = {Sound {Structure} as {Social} {Structure}},
	volume = {28},
	issn = {00141836},
	url = {https://www.jstor.org/stable/851232?origin=crossref},
	doi = {10.2307/851232},
	language = {en},
	number = {3},
	urldate = {2018-10-27},
	journal = {Ethnomusicology},
	author = {Feld, Steven},
	month = sep,
	year = {1984},
	pages = {383},
	file = {Feld - 1984 - Sound Structure as Social Structure.pdf:C\:\\Users\\Joseph Oertel\\Zotero\\storage\\VZJLY5VQ\\Feld - 1984 - Sound Structure as Social Structure.pdf:application/pdf;Sound Structure as Social Structure:C\:\\Users\\Joseph Oertel\\Zotero\\storage\\6U5S5VQH\\feld1984.pdf:application/pdf}
}

@inproceedings{katayose_sentiment_1988,
	title = {Sentiment extraction in music},
	booktitle = {[1988 {Proceedings}] 9th {International} {Conference} on {Pattern} {Recognition}},
	publisher = {IEEE},
	author = {Katayose, Haruhiro and Imai, Masakazu and Inokuchi, Seiji},
	year = {1988},
	pages = {1083--1087},
	file = {Fulltext:C\:\\Users\\Joseph Oertel\\Zotero\\storage\\3MABW2S9\\Katayose et al. - 1988 - Sentiment extraction in music.pdf:application/pdf;Snapshot:C\:\\Users\\Joseph Oertel\\Zotero\\storage\\R2I5JLGC\\28447.html:text/html}
}

@inproceedings{ibanez_litsens:_2017,
	title = {{LitSens}: {An} {Improved} {Architecture} for {Adaptive} {Music} {Using} {Text} {Input} and {Sentiment} {Analysis}},
	volume = {2017},
	shorttitle = {{LitSens}},
	booktitle = {In {Proceedings} of the {C}3GI {Conference}},
	author = {Ibáñez, Manuel López and Álvarez, Nahum and Peinado, Federico},
	year = {2017}
}

@book{davies_sound_1991,
	title = {Sound {Sentiment}: {An} {Essay} on the {Musical} {Emotions}},
	shorttitle = {Sound {Sentiment}},
	publisher = {JSTOR},
	author = {Davies, Stephen},
	year = {1991}
}

@inproceedings{pereira_fusing_2016,
	title = {Fusing {Audio}, {Textual}, and {Visual} {Features} for {Sentiment} {Analysis} of {News} {Videos}.},
	booktitle = {{ICWSM}},
	author = {Pereira, Moisés Henrique Ramos and Pádua, Flávio Luis Cardeal and Pereira, Adriano César Machado and Benevenuto, Fabrício and Dalip, Daniel Hasan},
	year = {2016},
	pages = {659--662}
}

@article{guenther_speech_1995,
	title = {Speech sound acquisition, coarticulation, and rate effects in a neural network model of speech production.},
	volume = {102},
	number = {3},
	journal = {Psychological review},
	author = {Guenther, Frank H.},
	year = {1995},
	pages = {594}
}

@inproceedings{yadav_multimodal_2015,
	title = {Multimodal sentiment analysis: {Sentiment} analysis using audiovisual format},
	shorttitle = {Multimodal sentiment analysis},
	abstract = {Multimodal sentiment analysis is the analysis of emotions, attitude, and opinion from audiovisual format. A company can improve the quality of its product and services by analyzing the reviews about the product [5]. Sentiment analysis is widely used in managing customer relations. There are many textual reviews from which we cannot extract emotions by traditional sentiment analysis techniques. Some sentences in the textual reviews may derive deep emotions but do not contain any keyword to detect those emotions, so we used audiovisual reviews in order to detect emotions from the facial expressions of the customer. In this paper we take audiovisual input and extract emotions from video and audio in parallel from audiovisual input, finally classify the overall review as positive, negative or neutral based on the emotions detected.},
	booktitle = {2015 2nd {International} {Conference} on {Computing} for {Sustainable} {Global} {Development} ({INDIACom})},
	author = {Yadav, S. K. and Bhushan, M. and Gupta, S.},
	month = mar,
	year = {2015},
	keywords = {Accuracy, Analyzing reviews, audio features, audiovisual, audiovisual format, audiovisual input, audiovisual reviews, behavioural sciences computing, Computer science, customer relations, deep emotions, Electronic mail, emotion recognition, emotions extraction, Eyebrows, facial expression, feature extraction, Feature extraction, Logic gates, multimodal sentiment analysis, Sentiment analysis, textual reviews, video signal processing},
	pages = {1415--1419},
	file = {IEEE Xplore Abstract Record:C\:\\Users\\Joseph Oertel\\Zotero\\storage\\Q5W6I9RM\\7100481.html:text/html}
}

@article{perez-rosas_multimodal_2013,
	title = {Multimodal {Sentiment} {Analysis} of {Spanish} {Online} {Videos}},
	volume = {28},
	doi = {10.1109/MIS.2013.9},
	abstract = {Using multimodal sentiment analysis, the presented method integrates linguistic, audio, and visual features to identify sentiment in online videos. In particular, experiments focus on a new dataset consisting of Spanish videos collected from YouTube that are annotated for sentiment polarity.},
	journal = {IEEE Intelligent Systems},
	author = {Pérez-Rosas, Verónica and Mihalcea, Rada and Morency, Louis-Philippe},
	year = {2013},
	keywords = {Sentiment analysis, Experiment, Multimodal interaction, Video clip},
	pages = {38--45}
}

@article{perez-rosas_utterance-level_nodate,
	title = {Utterance-{Level} {Multimodal} {Sentiment} {Analysis}},
	abstract = {During real-life interactions, people are naturally gesturing and modulating their voice to emphasize speciﬁc points or to express their emotions. With the recent growth of social websites such as YouTube, Facebook, and Amazon, video reviews are emerging as a new source of multimodal and natural opinions that has been left almost untapped by automatic opinion analysis techniques. This paper presents a method for multimodal sentiment classiﬁcation, which can identify the sentiment expressed in utterance-level visual datastreams. Using a new multimodal dataset consisting of sentiment annotated utterances extracted from video reviews, we show that multimodal sentiment analysis can be effectively performed, and that the joint use of visual, acoustic, and linguistic modalities can lead to error rate reductions of up to 10.5\% as compared to the best performing individual modality.},
	language = {en},
	author = {Perez-Rosas, Veronica and Mihalcea, Rada and Morency, Louis-Philippe},
	pages = {10},
	file = {Perez-Rosas et al. - Utterance-Level Multimodal Sentiment Analysis:C\:\\Users\\Joseph Oertel\\Zotero\\storage\\QRY5HTN9\\Perez-Rosas et al. - Utterance-Level Multimodal Sentiment Analysis:application/pdf}
}

@inproceedings{colace_approach_2016,
	address = {Rome, Italy},
	title = {An {Approach} for {Sentiment} {Classification} of {Music}:},
	isbn = {978-989-758-187-8},
	shorttitle = {An {Approach} for {Sentiment} {Classification} of {Music}},
	url = {http://www.scitepress.org/DigitalLibrary/Link.aspx?doi=10.5220/0005826504210426},
	doi = {10.5220/0005826504210426},
	language = {en},
	urldate = {2018-10-27},
	booktitle = {Proceedings of the 18th {International} {Conference} on {Enterprise} {Information} {Systems}},
	publisher = {SCITEPRESS - Science and Technology Publications},
	author = {Colace, Francesco and Casaburi, Luca},
	year = {2016},
	pages = {421--426},
	file = {Colace und Casaburi - 2016 - An Approach for Sentiment Classification of Music.pdf:C\:\\Users\\Joseph Oertel\\Zotero\\storage\\3FQ6DM8T\\Colace und Casaburi - 2016 - An Approach for Sentiment Classification of Music.pdf:application/pdf}
}

@misc{krey_tuner:_2018,
	title = {{tuneR}: {Analysis} of {Music} and {Speech}},
	copyright = {GPL-2 {\textbar} GPL-3},
	shorttitle = {{tuneR}},
	url = {https://CRAN.R-project.org/package=tuneR},
	abstract = {Analyze music and speech, extract features like MFCCs, handle wave files and their representation in various ways, read mp3, read midi, perform steps of a transcription, ... Also contains functions ported from the 'rastamat' 'Matlab' package.},
	urldate = {2018-10-27},
	author = {Krey, Uwe Ligges with contributions from Sebastian and Mersmann, Olaf and Schnackenberg, Sarah and Guenard, Guillaume and Preusser, Andrea and Thieler, Anita and Weihs, Johanna Mielke {and} Claus and Technologies, as well as code fragments {and} ideas from the former package 'sound' by Matthias Heymann {and} functions from 'rastamat' by Daniel P. W. Ellis The included parts of the libmad MPEG audio decoder library are authored by Underbit},
	month = jul,
	year = {2018}
}

@book{rauh_wahlkampf_2016,
	address = {Wiesbaden},
	title = {Wahlkampf im {Kontext}: negative {Kampagnenstrategien} in 58 {Landtagswahlen}},
	isbn = {978-3-658-14202-5 978-3-658-14201-8},
	shorttitle = {Wahlkampf im {Kontext}},
	language = {ger},
	publisher = {Springer VS},
	author = {Rauh, Christina Angela},
	year = {2016},
	note = {OCLC: 950695723},
	file = {Table of Contents PDF:C\:\\Users\\Joseph Oertel\\Zotero\\storage\\QUASERH8\\Rauh - 2016 - Wahlkampf im Kontext negative Kampagnenstrategien.pdf:application/pdf}
}

@book{kercher_verstehen_2013,
	address = {Wiesbaden},
	title = {Verstehen und {Verständlichkeit} von {Politikersprache}: verbale {Bedeutungsvermittlung} zwischen {Politikern} und {Bürgern}},
	isbn = {978-3-658-00191-9 978-3-658-00190-2},
	shorttitle = {Verstehen und {Verständlichkeit} von {Politikersprache}},
	language = {ger},
	publisher = {Springer VS},
	author = {Kercher, Jan},
	year = {2013},
	note = {OCLC: 934826818},
	file = {Table of Contents PDF:C\:\\Users\\Joseph Oertel\\Zotero\\storage\\HBHTQ6CN\\Kercher - 2013 - Verstehen und Verständlichkeit von Politikersprach.pdf:application/pdf}
}

@book{burkhardt_parlament_2011,
	address = {Tübingen},
	title = {Das {Parlament} und seine {Sprache}: {Studien} zu {Theorie} und {Geschichte} parlamentarischer {Kommunikation}},
	isbn = {978-3-11-091409-2},
	shorttitle = {Das {Parlament} und seine {Sprache}},
	abstract = {Ausgehend von einer Analyse der konstituierenden bzw. Umbrüche markierenden Sitzungen der deutschen Zentralparlamente seit 1848 wird gezeigt, wie die Plenardebatte immer stärker ritualisiert wird und zur medialen Inszenierung herabkommt. Wichtige Kapitel des Buches sind der linguistischen Bestimmung von politischer Sprache und Kommunikation, dem Strukturwandel der parlamentarischen Öffentlichkeit, der Semiotik der Plenarsäle und den Spezifika parlamentarischer Kommunikation gewidmet. Darüber hinaus werden, am Beispiel der "Wende"--Debatte des Jahres 1982, die wichtigsten Phänomene der parlamentarischen Sprache beschrieben: Schlag-, Schlüssel- und Wertwörter, Metaphorik, Anspielungen, das Spiel mit den Eigennamen, rhetorische Figuren, Präsuppositionen, das Anredeverhalten, das "inklusive Wir", Zitate. Einer vergleichenden Analyse der "Selbstverständnis"-Debatte in der Paulskirche und der "Hauptstadt"-Debatte des Deutschen Bundestages schließt sich ein umfangreiches Kapitel über Geschichte, Anfertigung und Verläßlichkeit der Stenographischen Berichte an. Starting with an analysis of constitutive and pioneering sessions in central German parliaments since 1848, the study demonstrates how plenary debates have become more and more strongly ritualized and are progressively deteriorating into media events. Major chapters of the book are devoted to the linguistic description of political language and communication, the structural changes undergone by parliamentary publicity, the semiotics of plenary halls, and specific aspects of parliamentary communication. Additionally, the Wende debate (1982) serves as a demonstration of the most important phenomena of parliamentary language: catchwords, key terms, evaluative expressions, metaphor, allusions, the play on proper names, rhetorical figures, presuppositions, forms of address, the 'inclusive we', quotations. Following a comparative analysis of the 'identity' debate in the Church of St. Paul (1848) and the 'capital' debate in the German Bundestag, an extensive final chapter discusses the history, the practicalities, and the reliability of stenographic reports. Review text: " ... this is a fascinating book for both linguists and scholars interested in politics and history."In: The Year's Work in Modern Language Studies 2006.},
	language = {German},
	publisher = {Niemeyer},
	author = {Burkhardt, Armin},
	year = {2011},
	note = {OCLC: 1030345468}
}

@book{amstad_wie_1978,
	title = {Wie verständlich sind unsere {Zeitungen}?},
	publisher = {Studenten-Schreib-Service},
	author = {Amstad, Toni},
	year = {1978}
}

@misc{michalke_korpus:_2018,
	title = {{koRpus}: {An} {R} {Package} for {Text} {Analysis}},
	copyright = {GPL (≥ 3)},
	shorttitle = {{koRpus}},
	url = {https://CRAN.R-project.org/package=koRpus},
	abstract = {A set of tools to analyze texts. Includes, amongst others, functions for automatic language detection, hyphenation, several indices of lexical diversity (e.g., type token ratio, HD-D/vocd-D, MTLD) and readability (e.g., Flesch, SMOG, LIX, Dale-Chall). Basic import functions for language corpora are also provided, to enable frequency analyses (supports Celex and Leipzig Corpora Collection file formats) and measures like tf-idf. Note: For full functionality a local installation of TreeTagger is recommended. It is also recommended to not load this package directly, but by loading one of the available language support packages from the 'l10n' repository {\textless}https://undocumeantit.github.io/repos/l10n{\textgreater}. 'koRpus' also includes a plugin for the R GUI and IDE RKWard, providing graphical dialogs for its basic features. The respective R package 'rkward' cannot be installed directly from a repository, as it is a part of RKWard. To make full use of this feature, please install RKWard from {\textless}https://rkward.kde.org{\textgreater} (plugins are detected automatically). Due to some restrictions on CRAN, the full package sources are only available from the project homepage. To ask for help, report bugs, request features, or discuss the development of the package, please subscribe to the koRpus-dev mailing list ({\textless}http://korpusml.reaktanz.de{\textgreater}).},
	urldate = {2018-11-15},
	author = {Michalke, Meik and Brown, Earl and Mirisola, Alberto and Brulet, Alexandre and Hauser, Laura},
	month = oct,
	year = {2018},
	keywords = {NaturalLanguageProcessing}
}

@misc{noauthor_deutscher_nodate,
	title = {Deutscher {Bundestag} - {Open} {Data}},
	url = {https://www.bundestag.de/open-data-inhalt/472740},
	abstract = {Für interessierte Anwender bietet der Bundestag alle Drucksachen und Plenarprotokolle ab der 1. Wahlperiode sowie die Biografie-Daten der Abgeordneten seit 1949 als XML-Dateien an....},
	language = {de},
	urldate = {2018-11-15},
	journal = {Deutscher Bundestag},
	file = {Snapshot:C\:\\Users\\Joseph Oertel\\Zotero\\storage\\8QPV8YLJ\\opendata.html:text/html}
}